<collection xmlns="http://www.loc.gov/MARC21/slim">
<record>
  <leader>00931nam0a22002291i 450 </leader>
  <controlfield tag="001">IT\ICCU\CNCE\080064</controlfield>
  <controlfield tag="005">20190626000000.0</controlfield>
  <datafield tag="012" ind1=" " ind2=" ">
    <subfield code="a">i.i, sius sasi a.na (C) 1587 (Q)</subfield>
    <subfield code="2">fei</subfield>
  </datafield>
  <datafield tag="100" ind1=" " ind2=" ">
    <subfield code="a">20190418f15871588    0itac0103    ba</subfield>
  </datafield>
  <datafield tag="101" ind1=" " ind2=" ">
    <subfield code="a">ITA</subfield>
  </datafield>
  <datafield tag="102" ind1=" " ind2=" ">
    <subfield code="a">IT</subfield>
  </datafield>
  <datafield tag="200" ind1="1" ind2=" ">
    <subfield code="a">Giardino spirituale per gli eleuati, e nobili spiriti</subfield>
  </datafield>
  <datafield tag="210" ind1=" " ind2=" ">
    <subfield code="a">Stampata in Cesena et ristampata in Imola</subfield>
    <subfield code="c">per Lorenzo Gianotti</subfield>
    <subfield code="d">\tra il 1587 e il 1588!</subfield>
  </datafield>
  <datafield tag="215" ind1=" " ind2=" ">
    <subfield code="a">\4! c.</subfield>
    <subfield code="d">8ʻ</subfield>
  </datafield>
  <datafield tag="300" ind1=" " ind2=" ">
    <subfield code="a">La data di stampa si ricava dagli anni di attivit ̉del tipografo</subfield>
  </datafield>
  <datafield tag="620" ind1=" " ind2=" ">
    <subfield code="a">IT</subfield>
    <subfield code="d">Imola</subfield>
  </datafield>
  <datafield tag="712" ind1="0" ind2="0">
    <subfield code="a">Zanotti, Lorenzo</subfield>
    <subfield code="3">IT\ICCU\CNCT\002230</subfield>
    <subfield code="4">650</subfield>
  </datafield>
  <datafield tag="791" ind1="0" ind2="0">
    <subfield code="a">Giannotti, Lorenzo</subfield>
    <subfield code="3">IT\ICCU\CNCT\002100</subfield>
    <subfield code="z">Zanotti, Lorenzo</subfield>
  </datafield>
  <datafield tag="791" ind1="0" ind2="0">
    <subfield code="a">Gianottus, Laurentius</subfield>
    <subfield code="3">IT\ICCU\CNCT\004182</subfield>
    <subfield code="z">Zanotti, Lorenzo</subfield>
  </datafield>
  <datafield tag="791" ind1="0" ind2="0">
    <subfield code="a">Gianotti, Lorenzo</subfield>
    <subfield code="3">IT\ICCU\CNCT\005816</subfield>
    <subfield code="z">Zanotti, Lorenzo</subfield>
  </datafield>
  <datafield tag="801" ind1=" " ind2="3">
    <subfield code="a">IT</subfield>
    <subfield code="b">ICCU</subfield>
    <subfield code="c">20201115</subfield>
  </datafield>
  <datafield tag="899" ind1=" " ind2=" ">
    <subfield code="a">Biblioteca nazionale centrale. Firenze</subfield>
    <subfield code="1">FI0098</subfield>
    <subfield code="2">CFI CF</subfield>
  </datafield>
</record>
</collection>
